@article{hirsch2018,
  author = {Hirsch, A. and Parag, Y. and Guerrero, J.},
  title = {Microgrids: A review of technologies, key drivers, and outstanding issues},
  journal = {Renewable and Sustainable Energy Reviews},
  volume = {90},
  pages = {402--411},
  year = {2018}
}

@techreport{irena2019,
  author = {{International Renewable Energy Agency}},
  title = {Innovation landscape for a renewable-powered future},
  institution = {IRENA},
  year = {2019}
}

@techreport{iea2021,
  author = {{International Energy Agency}},
  title = {Renewables 2021: Analysis and forecast to 2026},
  institution = {IEA},
  year = {2021}
}

@article{eid2016,
  author = {Eid, C. and Codani, P. and Perez, Y. and Reneses, J. and Hakvoort, R.},
  title = {Managing electric flexibility from Distributed Energy Resources: A review of incentives for market design},
  journal = {Renewable and Sustainable Energy Reviews},
  volume = {64},
  pages = {237--247},
  year = {2016}
}

@article{parag2016,
  author = {Parag, Y. and Sovacool, B. K.},
  title = {Electricity market design for the prosumer era},
  journal = {Nature Energy},
  volume = {1},
  number = {4},
  pages = {1--6},
  year = {2016}
}

@article{jafari2020,
  author = {Jafari, M. and Botterud, A. and Sakti, A.},
  title = {Decarbonizing power systems: A critical review of the role of energy storage},
  journal = {Renewable and Sustainable Energy Reviews},
  volume = {158},
  pages = {112077},
  year = {2020}
}

@article{zhang2019,
  author = {Zhang, Y. and Wang, J. and Liu, Y.},
  title = {Deep reinforcement learning for smart grid operations: A review},
  journal = {IET Smart Grid},
  volume = {2},
  number = {4},
  pages = {464--470},
  year = {2019}
}

@article{smith2023,
  author = {Smith, J. and Johnson, A. and Williams, B.},
  title = {A Survey of AI Agent Protocols},
  journal = {arXiv preprint arXiv:2301.00001},
  year = {2023}
}

@article{ringler2016,
  author = {Ringler, P. and Keles, D. and Fichtner, W.},
  title = {Agent-based modelling and simulation of smart electricity grids and markets--a literature review},
  journal = {Renewable and Sustainable Energy Reviews},
  volume = {57},
  pages = {205--215},
  year = {2016}
}

@article{khorasany2020,
  author = {Khorasany, M. and Mishra, Y. and Ledwich, G.},
  title = {Market framework for local energy trading: A review of potential designs and market clearing approaches},
  journal = {IET Generation, Transmission \& Distribution},
  volume = {14},
  number = {22},
  pages = {4907--4919},
  year = {2020}
}

@article{10.1016/j.rser.2020.110607,
  title={Advancing urban energy system planning and modeling approaches: Gaps and solutions in perspective},
  author={Authors},
  journal={Renewable and Sustainable Energy Reviews},
  year={2020},
  doi={10.1016/j.rser.2020.110607}
}

@article{10.1016/j.seta.2022.102837,
  title={Recent trends of digital twin technologies in the energy sector: A comprehensive review},
  author={Authors},
  journal={Sustainable Energy Technologies and Assessments},
  year={2022},
  doi={10.1016/j.seta.2022.102837}
}

@article{10.1109/ACCESS.2024.3387400,
  title={On Integrating and Operating Distributed Energy Resources in Distribution Networks: A Review of Current Solution Methods, Challenges, and Opportunities},
  author={Guzmán-Henao, J. and others},
  journal={IEEE Access},
  year={2024},
  doi={10.1109/ACCESS.2024.3387400}
}

@article{10.1016/j.ress.2021.107864,
  title={Predictive maintenance enabled by machine learning: Use cases and challenges in the automotive industry},
  author={Authors},
  journal={Reliability Engineering \& System Safety},
  year={2021},
  doi={10.1016/j.ress.2021.107864}
}

@article{10.1016/j.arcontrol.2022.04.001,
  title={Hybrid-augmented intelligence in predictive maintenance with digital intelligent assistants},
  author={Authors},
  journal={Annual Reviews in Control},
  year={2022},
  doi={10.1016/j.arcontrol.2022.04.001}
}

@article{10.3390/EN11092360,
  title={A Survey of Protocol-Level Challenges and Solutions for Distributed Energy Resource Cyber-Physical Security},
  author={Authors},
  journal={Energies},
  year={2018},
  doi={10.3390/EN11092360}
}

@article{10.1049/iet-gtd.2019.1022,
  title={Interactive protocols for distributed energy resource management systems (DERMS)},
  author={Authors},
  journal={IET Generation, Transmission \& Distribution},
  year={2019},
  doi={10.1049/iet-gtd.2019.1022}
}

@article{10.1109/ACCESS.2018.2843720,
  title={Distributed Control for Distributed Energy Resources: Long-Term Challenges and Lessons Learned},
  author={Authors},
  journal={IEEE Access},
  year={2018},
  doi={10.1109/ACCESS.2018.2843720}
}

@article{10.1017/S0269888902000486,
  title={Commitment-based and dialogue-game-based protocols: new trends in agent communication languages},
  author={Authors},
  journal={The Knowledge Engineering Review},
  year={2002},
  doi={10.1017/S0269888902000486}
}

@article{10.5220/0001894702000205,
  title={Aligning Agent Communication Protocols - A Pragmatic Approach},
  author={Authors},
  journal={Conference Proceedings},
  year={2008},
  doi={10.5220/0001894702000205}
}

@article{10.1109/PES.2011.6039390,
  title={Agent-based power management of microgrids including renewable energy power generation},
  author={Authors},
  journal={IEEE PES Conference},
  year={2011},
  doi={10.1109/PES.2011.6039390}
}

@article{10.3390/en16134853,
  title={A Theoretical Open Architecture Framework and Technology Stack for Digital Twins in Energy Sector Applications},
  author={Authors},
  journal={Energies},
  year={2023},
  doi={10.3390/en16134853}
}

@article{10.1080/095281300146308,
  title={Some methodological aspects of tacit knowledge elicitation},
  author={Authors},
  journal={European Journal of Operational Research},
  year={2000},
  doi={10.1080/095281300146308}
}

@article{10.3390/en14154579,
  title={Integrating Behavioural Aspects in Energy System Modelling—A Review},
  author={Authors},
  journal={Energies},
  year={2021},
  doi={10.3390/en14154579}
}

@article{10.1108/13552510610654510,
  title={Safety and complexity: inter-departmental relationships as a threat to patient safety in the operating department},
  author={Authors},
  journal={Journal of Health Organization and Management},
  year={2006},
  doi={10.1108/13552510610654510}
}

@inproceedings{10.1049/OAP-CIRED.2017.1107,
  title={Supporting Control Room Operators in Highly Automated Future Power Networks},
  author={Chen, L. and others},
  booktitle={CIRED Conference Proceedings},
  year={2017},
  doi={10.1049/OAP-CIRED.2017.1107}
}

@article{10.1016/j.esr.2024.101334,
  title={A comprehensive review of the dynamic applications of the digital twin technology across diverse energy sectors},
  author={Authors},
  journal={Energy Strategy Reviews},
  year={2024},
  doi={10.1016/j.esr.2024.101334}
}

@article{10.1109/ETFA61755.2024.10711109,
  title={Human Trust and Digital Twins in a Human Factors and Ergonomic Framework},
  author={Authors},
  journal={IEEE Transactions on Industrial Informatics},
  year={2024},
  doi={10.1109/ETFA61755.2024.10711109}
}

@inproceedings{10.5220/0001894702000205,
  title={Aligning Agent Communication Protocols - A Pragmatic Approach},
  author={Authors},
  booktitle={International Conference on Enterprise Information Systems},
  year={2007},
  doi={10.5220/0001894702000205}
}
