@misc{CitationNeeded_DERChallengesOverview,
  title = {Overview of Challenges in Distributed Energy Resource Management},
  author = {Various Authors},
  year = {2023}
}

@misc{CitationNeeded_HATinDER,
  title = {Human-Autonomy Teaming in Distributed Energy Resource Operations},
  author = {Research Group},
  year = {2023}
}

@misc{CitationNeeded_AIinDERManagement,
  title = {The Role of Artificial Intelligence in Distributed Energy Resource Management Systems},
  author = {Institute of Energy Studies},
  year = {2022}
}

@misc{CitationNeeded_ElicitSearchStrategy,
  title = {Systematic Literature Search Strategy using Elicit.com for DER and HAT Research},
  author = {Project Team},
  year = {2024},
  note = {Internal project documentation based on docs/4.1.1.1-elicit-search-strategy.md}
}

@misc{CitationNeeded_SemanticScholarMethodology,
  title = {Methodology for Literature Discovery via Semantic Scholar API for AI in DER},
  author = {Project Team},
  year = {2024},
  note = {Internal project documentation based on docs/4.1.2.2-semantic-scholar-summary-iteration-1.md}
}

@misc{CitationNeeded_GapInHATCommunication,
  title = {Identifying Gaps in Human-Autonomy Teaming Communication Protocols for Dynamic Environments},
  author = {Literature Review Synthesizers},
  year = {2024}
}

@misc{CitationNeeded_XAIforTrust,
  title = {The Importance of Explainable AI for Fostering Trust in Automated Systems},
  author = {AI Ethics Board},
  year = {2023}
}

@misc{CitationNeeded_HATDefinition,
  title = {Defining Human-Autonomy Teaming: A Conceptual Review},
  author = {Cognitive Systems Engineering Society},
  year = {2021}
}

@misc{CitationNeeded_ACPDefinition,
  title = {Fundamentals of Agent Communication Protocols in Multi-Agent Systems},
  author = {MAS Standards Committee},
  year = {2020}
}

@misc{CitationNeeded_XAIDefinition,
  title = {Explainable AI (XAI): Concepts, Taxonomies, Opportunities and Challenges},
  author = {Darpa, et al.},
  year = {2019}
}

@misc{CitationNeeded_SSADefinition,
  title = {Shared Situational Awareness in Complex Systems: A Review},
  author = {Human Factors Research Council},
  year = {2022}
}

@misc{CitationNeeded_DERDefinition,
  title = {Distributed Energy Resources: Technologies and Impacts},
  author = {International Energy Agency},
  year = {2023}
}

@article{Hevner2004_DSR,
  author = {Hevner, Alan R. and March, Salvatore T. and Park, Jinsoo and Ram, Sudha},
  year = {2004},
  month = {03},
  pages = {75-105},
  title = {Design Science in Information Systems Research},
  volume = {28},
  journal = {MIS Quarterly}
}

@article{BraunClarke2006_ThematicAnalysis,
  author = {Braun, Virginia and Clarke, Victoria},
  year = {2006},
  month = {01},
  pages = {77-101},
  title = {Using thematic analysis in psychology},
  volume = {3},
  journal = {Qualitative Research in Psychology},
  doi = {10.1191/1478088706qp063oa}
}

/* Add more specific BibTeX entries based on `sources/8.1.4-all-citations.csv` as they are mapped to the [CitationNeeded_...] placeholders */ 